@book{MRS08,
  title={Introduction to Information Retrieval},
  author={Manning, Christopher D and Raghavan, Prabhakar and Sch{\"u}tze, Hinrich and others},
  year={2008},
  publisher={Cambridge University Press},
  address={New York, NY, USA}
}

@book{RZ09,
  title={The probabilistic relevance framework: BM25 and beyond},
  author={Robertson, Stephen and Zaragoza, Hugo},
  year={2009},
  publisher={Now Publishers Inc}
address={Hanover, MA, USA}
}

@inproceedings{paper_tng,
 author = {Wang, Xuerui and McCallum, Andrew and Wei, Xing},
 title = {Topical N-Grams: Phrase and Topic Discovery, with an Application to Information Retrieval},
 booktitle = {Proceedings of the 2007 Seventh IEEE International Conference on Data Mining},
 series = {ICDM '07},
 year = {2007},
 isbn = {0-7695-3018-4},
 pages = {697--702},
 numpages = {6},
 url = {http://dx.doi.org/10.1109/ICDM.2007.86},
 doi = {10.1109/ICDM.2007.86},
 acmid = {1442141},
 publisher = {IEEE Computer Society},
 address = {Washington, DC, USA},
}

@inproceedings{paik13,
  title={A novel TF-IDF weighting scheme for effective ranking},
  author={Paik, Jiaul H},
  booktitle={Proceedings of the 36th international ACM SIGIR conference on Research and development in information retrieval},
  pages={343--352},
  year={2013},
  organization={ACM}
}


@INPROCEEDINGS{V99,
	AUTHOR = "E. M. Voorhees",
	TITLE = "Natural Language Processing and Information Retrieval",
	BOOKTITLE = "Information Extraction",
	PAGES = "32-48",
	ORGANIZATION = "Springer Berlin Heidelberg",
	YEAR = {1999}
}

@misc{topic_model,
title={Topic Model},
note={\url{https://en.wikipedia.org/wiki/Topic_model}}
}

@misc{pos_tagger,
title={Part-of-speech tagging},
note={\url{https://en.wikipedia.org/wiki/Part-of-speech_tagging}}
}


@article{JWR1,
  title={A probabilistic model of information retrieval: Development and comparative experiments: Part 1},
  author={Jones, K Sparck and Walker, Steve and Robertson, Stephen E.},
  journal={Information Processing and Management},
  volume={36},
  number={6},
  pages={779--808},
  year={2000},
  publisher={Elsevier}
}

@article{JWR2,
  title={A probabilistic model of information retrieval: Development and comparative experiments: Part 2},
  author={Jones, K Sparck and Walker, Steve and Robertson, Stephen E.},
  journal={Information Processing and Management},
  volume={36},
  number={6},
  pages={809--840},
  year={2000},
  publisher={Elsevier}
}

@article{paper_lda,
  title={Latent dirichlet allocation},
  author={Blei, David M and Ng, Andrew Y and Jordan, Michael I},
  journal={Journal of machine Learning research},
  volume={3},
  pages={993--1022},
  year={2003},
}

@misc{search-engine,
  title = {Search engine (computing)},
  note = {\url{https://en.wikipedia.org/wiki/Search_engine_(computing)}},
month=Febrary,
  year = 2016,
}

@misc{dblp-dataset,
  title = {{DBLP} Dataset in {XML} File},
  note = {\url{http://dblp.uni-trier.de/xml/}},
  month=Febrary,
  year = 2016,
}

@misc{list-of-engine,
  title = {Outline of search engines},
  note = {\url{https://en.wikipedia.org/wiki/Outline_of_search_engines}},
  month=July,
  year = 2015,
}


@misc{lib,
  title = {List of information retrieval libraries},
  note = {\url{https://en.wikipedia.org/wiki/List_of_information_retrieval_libraries}},
  year = 2016,
}

@misc{TOOL_lucene,
  title = {Lucene},
  note = {\url{https://lucene.apache.org/}},
}

@misc{sim,
  title = {Class \textbf{Similarity} in Lucene},
  note = {\url{https://lucene.apache.org/core/5_5_0/core/org/apache/lucene/search/similarities/TFIDFSimilarity.html}},
}


@misc{article,
  title = {Classification of atricles in {DBLP}},
  note = {\url{http://dblp.uni-trier.de/faq/What+do+I+find+in+dblp+xml.htmll}},
}

@misc{doc_lucene_parser,
  title = {QueryParser: A simple query parser implemented with JavaCC},
  howpublished = {\url{http://lucene.apache.org/core/5_5_0/queryparser/org/apache/lucene/queryparser/classic/package-summary.html?#Overview}}
}

@misc{parser,
  title = {{XMP} parser},
  note = {\url{http://dblp.uni-trier.de/faq/How+to+parse+dblp+xml.html}},
}